%YAML 1.1
%TAG !u! tag:unity3d.com,2011:
--- !u!1 &1258431539
GameObject:
  m_ObjectHideFlags: 0
  m_CorrespondingSourceObject: {fileID: 0}
  m_PrefabInstance: {fileID: 0}
  m_PrefabAsset: {fileID: 0}
  serializedVersion: 6
  m_Component:
  - component: {fileID: 1258431540}
  - component: {fileID: 1258431543}
  - component: {fileID: 1258431542}
  - component: {fileID: 1258431541}
  m_Layer: 0
  m_Name: CanvasCamera
  m_TagString: MainCamera
  m_Icon: {fileID: 0}
  m_NavMeshLayer: 0
  m_StaticEditorFlags: 0
  m_IsActive: 1
--- !u!4 &1258431540
Transform:
  m_ObjectHideFlags: 0
  m_CorrespondingSourceObject: {fileID: 0}
  m_PrefabInstance: {fileID: 0}
  m_PrefabAsset: {fileID: 0}
  m_GameObject: {fileID: 1258431539}
  m_LocalRotation: {x: 0, y: 0, z: 0, w: 1}
  m_LocalPosition: {x: 0, y: 0, z: -4.001}
  m_LocalScale: {x: 1, y: 1, z: 1}
  m_Children: []
  m_Father: {fileID: 7811583097618171857}
  m_RootOrder: 1
  m_LocalEulerAnglesHint: {x: 0, y: 0, z: 0}
--- !u!20 &1258431543
Camera:
  m_ObjectHideFlags: 0
  m_CorrespondingSourceObject: {fileID: 0}
  m_PrefabInstance: {fileID: 0}
  m_PrefabAsset: {fileID: 0}
  m_GameObject: {fileID: 1258431539}
  m_Enabled: 1
  serializedVersion: 2
  m_ClearFlags: 3
  m_BackGroundColor: {r: 0.19215687, g: 0.3019608, b: 0.4745098, a: 0.019607844}
  m_projectionMatrixMode: 1
  m_SensorSize: {x: 36, y: 24}
  m_LensShift: {x: 0, y: 0}
  m_GateFitMode: 2
  m_FocalLength: 50
  m_NormalizedViewPortRect:
    serializedVersion: 2
    x: 0
    y: 0
    width: 1
    height: 1
  near clip plane: 0.3
  far clip plane: 1000
  field of view: 60
  orthographic: 0
  orthographic size: 5
  m_Depth: 1
  m_CullingMask:
    serializedVersion: 2
    m_Bits: 32
  m_RenderingPath: -1
  m_TargetTexture: {fileID: 0}
  m_TargetDisplay: 0
  m_TargetEye: 3
  m_HDR: 0
  m_AllowMSAA: 1
  m_AllowDynamicResolution: 0
  m_ForceIntoRT: 1
  m_OcclusionCulling: 1
  m_StereoConvergence: 10
  m_StereoSeparation: 0.022
--- !u!124 &1258431542
Behaviour:
  m_ObjectHideFlags: 0
  m_CorrespondingSourceObject: {fileID: 0}
  m_PrefabInstance: {fileID: 0}
  m_PrefabAsset: {fileID: 0}
  m_GameObject: {fileID: 1258431539}
  m_Enabled: 1
--- !u!92 &1258431541
Behaviour:
  m_ObjectHideFlags: 0
  m_CorrespondingSourceObject: {fileID: 0}
  m_PrefabInstance: {fileID: 0}
  m_PrefabAsset: {fileID: 0}
  m_GameObject: {fileID: 1258431539}
  m_Enabled: 0
--- !u!1 &7811583097618403145
GameObject:
  m_ObjectHideFlags: 0
  m_CorrespondingSourceObject: {fileID: 0}
  m_PrefabInstance: {fileID: 0}
  m_PrefabAsset: {fileID: 0}
  serializedVersion: 6
  m_Component:
  - component: {fileID: 7811583097618171857}
  m_Layer: 0
  m_Name: Pivot
  m_TagString: Untagged
  m_Icon: {fileID: 0}
  m_NavMeshLayer: 0
  m_StaticEditorFlags: 0
  m_IsActive: 1
--- !u!4 &7811583097618171857
Transform:
  m_ObjectHideFlags: 0
  m_CorrespondingSourceObject: {fileID: 0}
  m_PrefabInstance: {fileID: 0}
  m_PrefabAsset: {fileID: 0}
  m_GameObject: {fileID: 7811583097618403145}
  m_LocalRotation: {x: 0, y: 0, z: 0, w: 1}
  m_LocalPosition: {x: 0, y: 1.609, z: 0}
  m_LocalScale: {x: 1, y: 1, z: 1}
  m_Children:
  - {fileID: 7811583097618170681}
  - {fileID: 1258431540}
  m_Father: {fileID: 7811583097618252121}
  m_RootOrder: 0
  m_LocalEulerAnglesHint: {x: 0, y: 0, z: 0}
--- !u!1 &7811583097618416585
GameObject:
  m_ObjectHideFlags: 0
  m_CorrespondingSourceObject: {fileID: 0}
  m_PrefabInstance: {fileID: 0}
  m_PrefabAsset: {fileID: 0}
  serializedVersion: 6
  m_Component:
  - component: {fileID: 7811583097618252121}
  - component: {fileID: 7811583097485464342}
  m_Layer: 0
  m_Name: Camera Holder
  m_TagString: Untagged
  m_Icon: {fileID: 0}
  m_NavMeshLayer: 0
  m_StaticEditorFlags: 0
  m_IsActive: 1
--- !u!4 &7811583097618252121
Transform:
  m_ObjectHideFlags: 0
  m_CorrespondingSourceObject: {fileID: 0}
  m_PrefabInstance: {fileID: 0}
  m_PrefabAsset: {fileID: 0}
  m_GameObject: {fileID: 7811583097618416585}
  m_LocalRotation: {x: 0, y: 0, z: 0, w: 1}
  m_LocalPosition: {x: 1.1, y: 0.05, z: -2.4}
  m_LocalScale: {x: 1, y: 1, z: 1}
  m_Children:
  - {fileID: 7811583097618171857}
  m_Father: {fileID: 0}
  m_RootOrder: 0
  m_LocalEulerAnglesHint: {x: 0, y: 0, z: 0}
--- !u!114 &7811583097485464342
MonoBehaviour:
  m_ObjectHideFlags: 0
  m_CorrespondingSourceObject: {fileID: 0}
  m_PrefabInstance: {fileID: 0}
  m_PrefabAsset: {fileID: 0}
  m_GameObject: {fileID: 7811583097618416585}
  m_Enabled: 1
  m_EditorHideFlags: 0
  m_Script: {fileID: 11500000, guid: a2295ca2bc5512d448bcd92e00a46da4, type: 3}
  m_Name: 
  m_EditorClassIdentifier: 
  target: {fileID: 400138, guid: ea9a699a197ef064eb8613d43124d953, type: 3}
  lerpSpeed: 5
--- !u!1 &7811583097618438057
GameObject:
  m_ObjectHideFlags: 0
  m_CorrespondingSourceObject: {fileID: 0}
  m_PrefabInstance: {fileID: 0}
  m_PrefabAsset: {fileID: 0}
  serializedVersion: 6
  m_Component:
  - component: {fileID: 7811583097618170681}
  - component: {fileID: 7811583097616675805}
  - component: {fileID: 7811583097606055935}
  - component: {fileID: 7811583097609180563}
  - component: {fileID: 7811583097610692897}
  - component: {fileID: 378931496}
  - component: {fileID: 378931497}
  - component: {fileID: 378931498}
  m_Layer: 0
  m_Name: Camera
  m_TagString: MainCamera
  m_Icon: {fileID: 0}
  m_NavMeshLayer: 0
  m_StaticEditorFlags: 0
  m_IsActive: 1
--- !u!4 &7811583097618170681
Transform:
  m_ObjectHideFlags: 0
  m_CorrespondingSourceObject: {fileID: 0}
  m_PrefabInstance: {fileID: 0}
  m_PrefabAsset: {fileID: 0}
  m_GameObject: {fileID: 7811583097618438057}
  m_LocalRotation: {x: 0, y: 0, z: 0, w: 1}
  m_LocalPosition: {x: 0, y: 0, z: -4.001}
  m_LocalScale: {x: 1, y: 1, z: 1}
  m_Children: []
  m_Father: {fileID: 7811583097618171857}
  m_RootOrder: 0
  m_LocalEulerAnglesHint: {x: 0, y: 0, z: 0}
--- !u!20 &7811583097616675805
Camera:
  m_ObjectHideFlags: 0
  m_CorrespondingSourceObject: {fileID: 0}
  m_PrefabInstance: {fileID: 0}
  m_PrefabAsset: {fileID: 0}
  m_GameObject: {fileID: 7811583097618438057}
  m_Enabled: 1
  serializedVersion: 2
  m_ClearFlags: 1
  m_BackGroundColor: {r: 0.19215687, g: 0.3019608, b: 0.4745098, a: 0.019607844}
  m_projectionMatrixMode: 1
  m_SensorSize: {x: 36, y: 24}
  m_LensShift: {x: 0, y: 0}
  m_GateFitMode: 2
  m_FocalLength: 50
  m_NormalizedViewPortRect:
    serializedVersion: 2
    x: 0
    y: 0
    width: 1
    height: 1
  near clip plane: 0.3
  far clip plane: 1000
  field of view: 60
  orthographic: 0
  orthographic size: 5
  m_Depth: 0
  m_CullingMask:
    serializedVersion: 2
    m_Bits: 791
  m_RenderingPath: -1
  m_TargetTexture: {fileID: 0}
  m_TargetDisplay: 0
  m_TargetEye: 3
  m_HDR: 0
  m_AllowMSAA: 1
  m_AllowDynamicResolution: 0
  m_ForceIntoRT: 1
  m_OcclusionCulling: 1
  m_StereoConvergence: 10
  m_StereoSeparation: 0.022
--- !u!124 &7811583097606055935
Behaviour:
  m_ObjectHideFlags: 0
  m_CorrespondingSourceObject: {fileID: 0}
  m_PrefabInstance: {fileID: 0}
  m_PrefabAsset: {fileID: 0}
  m_GameObject: {fileID: 7811583097618438057}
  m_Enabled: 1
--- !u!92 &7811583097609180563
Behaviour:
  m_ObjectHideFlags: 0
  m_CorrespondingSourceObject: {fileID: 0}
  m_PrefabInstance: {fileID: 0}
  m_PrefabAsset: {fileID: 0}
  m_GameObject: {fileID: 7811583097618438057}
  m_Enabled: 0
--- !u!81 &7811583097610692897
AudioListener:
  m_ObjectHideFlags: 0
  m_CorrespondingSourceObject: {fileID: 0}
  m_PrefabInstance: {fileID: 0}
  m_PrefabAsset: {fileID: 0}
  m_GameObject: {fileID: 7811583097618438057}
  m_Enabled: 1
--- !u!114 &378931496
MonoBehaviour:
  m_ObjectHideFlags: 0
  m_CorrespondingSourceObject: {fileID: 0}
  m_PrefabInstance: {fileID: 0}
  m_PrefabAsset: {fileID: 0}
  m_GameObject: {fileID: 7811583097618438057}
  m_Enabled: 0
  m_EditorHideFlags: 0
  m_Script: {fileID: 11500000, guid: 5615b86c8be5df14595a1d071c093e98, type: 3}
  m_Name: 
  m_EditorClassIdentifier: 
--- !u!114 &378931497
MonoBehaviour:
  m_ObjectHideFlags: 0
  m_CorrespondingSourceObject: {fileID: 0}
  m_PrefabInstance: {fileID: 0}
  m_PrefabAsset: {fileID: 0}
  m_GameObject: {fileID: 7811583097618438057}
  m_Enabled: 1
  m_EditorHideFlags: 0
  m_Script: {fileID: 11500000, guid: 8b9a305e18de0c04dbd257a21cd47087, type: 3}
  m_Name: 
  m_EditorClassIdentifier: 
  sharedProfile: {fileID: 11400000, guid: 3f2b8a8862b4c5f4ba294a7a2b79bdf6, type: 2}
  isGlobal: 1
  blendDistance: 0
  weight: 1
  priority: 0
--- !u!114 &378931498
MonoBehaviour:
  m_ObjectHideFlags: 0
  m_CorrespondingSourceObject: {fileID: 0}
  m_PrefabInstance: {fileID: 0}
  m_PrefabAsset: {fileID: 0}
  m_GameObject: {fileID: 7811583097618438057}
  m_Enabled: 1
  m_EditorHideFlags: 0
  m_Script: {fileID: 11500000, guid: 948f4100a11a5c24981795d21301da5c, type: 3}
  m_Name: 
  m_EditorClassIdentifier: 
  volumeTrigger: {fileID: 7811583097618170681}
  volumeLayer:
    serializedVersion: 2
    m_Bits: 4294967295
  stopNaNPropagation: 1
  finalBlitToCameraTarget: 1
  antialiasingMode: 0
  temporalAntialiasing:
    jitterSpread: 0.75
    sharpness: 0.25
    stationaryBlending: 0.95
    motionBlending: 0.85
  subpixelMorphologicalAntialiasing:
    quality: 2
  fastApproximateAntialiasing:
    fastMode: 0
    keepAlpha: 0
  fog:
    enabled: 1
    excludeSkybox: 1
  debugLayer:
    lightMeter:
      width: 512
      height: 256
      showCurves: 1
    histogram:
      width: 512
      height: 256
      channel: 3
    waveform:
      exposure: 0.12
      height: 256
    vectorscope:
      size: 256
      exposure: 0.12
    overlaySettings:
      linearDepth: 0
      motionColorIntensity: 4
      motionGridSize: 64
      colorBlindnessType: 0
      colorBlindnessStrength: 1
  m_Resources: {fileID: 11400000, guid: d82512f9c8e5d4a4d938b575d47f88d4, type: 2}
  m_ShowToolkit: 0
  m_ShowCustomSorter: 0
  breakBeforeColorGrading: 0
  m_BeforeTransparentBundles: []
  m_BeforeStackBundles: []
  m_AfterStackBundles: []
