%YAML 1.1
%TAG !u! tag:unity3d.com,2011:
--- !u!1001 &6049991141006248394
PrefabInstance:
  m_ObjectHideFlags: 0
  serializedVersion: 2
  m_Modification:
    m_TransformParent: {fileID: 0}
    m_Modifications:
    - target: {fileID: 100000, guid: e944b8ca085327846af82249be85ada9, type: 3}
      propertyPath: m_Name
      value: Boss
      objectReference: {fileID: 0}
    - target: {fileID: 400000, guid: e944b8ca085327846af82249be85ada9, type: 3}
      propertyPath: m_LocalPosition.x
      value: 28.836
      objectReference: {fileID: 0}
    - target: {fileID: 400000, guid: e944b8ca085327846af82249be85ada9, type: 3}
      propertyPath: m_LocalPosition.y
      value: 19.345
      objectReference: {fileID: 0}
    - target: {fileID: 400000, guid: e944b8ca085327846af82249be85ada9, type: 3}
      propertyPath: m_LocalPosition.z
      value: 9.6505
      objectReference: {fileID: 0}
    - target: {fileID: 400000, guid: e944b8ca085327846af82249be85ada9, type: 3}
      propertyPath: m_LocalRotation.x
      value: -0
      objectReference: {fileID: 0}
    - target: {fileID: 400000, guid: e944b8ca085327846af82249be85ada9, type: 3}
      propertyPath: m_LocalRotation.y
      value: -0.70710576
      objectReference: {fileID: 0}
    - target: {fileID: 400000, guid: e944b8ca085327846af82249be85ada9, type: 3}
      propertyPath: m_LocalRotation.z
      value: -0
      objectReference: {fileID: 0}
    - target: {fileID: 400000, guid: e944b8ca085327846af82249be85ada9, type: 3}
      propertyPath: m_LocalRotation.w
      value: 0.70710784
      objectReference: {fileID: 0}
    - target: {fileID: 400000, guid: e944b8ca085327846af82249be85ada9, type: 3}
      propertyPath: m_RootOrder
      value: 0
      objectReference: {fileID: 0}
    - target: {fileID: 400000, guid: e944b8ca085327846af82249be85ada9, type: 3}
      propertyPath: m_LocalEulerAnglesHint.x
      value: 0
      objectReference: {fileID: 0}
    - target: {fileID: 400000, guid: e944b8ca085327846af82249be85ada9, type: 3}
      propertyPath: m_LocalEulerAnglesHint.y
      value: -90.00001
      objectReference: {fileID: 0}
    - target: {fileID: 400000, guid: e944b8ca085327846af82249be85ada9, type: 3}
      propertyPath: m_LocalEulerAnglesHint.z
      value: 0
      objectReference: {fileID: 0}
    - target: {fileID: 400000, guid: e944b8ca085327846af82249be85ada9, type: 3}
      propertyPath: m_LocalScale.x
      value: 0.98
      objectReference: {fileID: 0}
    - target: {fileID: 400000, guid: e944b8ca085327846af82249be85ada9, type: 3}
      propertyPath: m_LocalScale.y
      value: 0.98
      objectReference: {fileID: 0}
    - target: {fileID: 400000, guid: e944b8ca085327846af82249be85ada9, type: 3}
      propertyPath: m_LocalScale.z
      value: 0.98
      objectReference: {fileID: 0}
    - target: {fileID: 9500000, guid: e944b8ca085327846af82249be85ada9, type: 3}
      propertyPath: m_Controller
      value: 
      objectReference: {fileID: 9100000, guid: 68caca6a3fbba764eb90a8c0c0d77237, type: 2}
    - target: {fileID: 13700000, guid: e944b8ca085327846af82249be85ada9, type: 3}
      propertyPath: m_Materials.Array.data[0]
      value: 
      objectReference: {fileID: 2100000, guid: 770adac18f32b2b469af723a2eb959be, type: 2}
    - target: {fileID: 13700000, guid: e944b8ca085327846af82249be85ada9, type: 3}
      propertyPath: m_Bones.Array.data[0]
      value: 
      objectReference: {fileID: 6049991141006643994}
    - target: {fileID: 13700000, guid: e944b8ca085327846af82249be85ada9, type: 3}
      propertyPath: m_Bones.Array.data[1]
      value: 
      objectReference: {fileID: 6049991141006643922}
    - target: {fileID: 13700000, guid: e944b8ca085327846af82249be85ada9, type: 3}
      propertyPath: m_Bones.Array.data[2]
      value: 
      objectReference: {fileID: 6049991141006643932}
    - target: {fileID: 13700000, guid: e944b8ca085327846af82249be85ada9, type: 3}
      propertyPath: m_RootBone
      value: 
      objectReference: {fileID: 6049991141006643932}
    - target: {fileID: 13700002, guid: e944b8ca085327846af82249be85ada9, type: 3}
      propertyPath: m_Materials.Array.data[0]
      value: 
      objectReference: {fileID: 2100000, guid: 770adac18f32b2b469af723a2eb959be, type: 2}
    - target: {fileID: 13700002, guid: e944b8ca085327846af82249be85ada9, type: 3}
      propertyPath: m_Bones.Array.data[0]
      value: 
      objectReference: {fileID: 6049991141006643994}
    - target: {fileID: 13700002, guid: e944b8ca085327846af82249be85ada9, type: 3}
      propertyPath: m_Bones.Array.data[1]
      value: 
      objectReference: {fileID: 6049991141006643922}
    - target: {fileID: 13700002, guid: e944b8ca085327846af82249be85ada9, type: 3}
      propertyPath: m_Bones.Array.data[2]
      value: 
      objectReference: {fileID: 6049991141006643932}
    - target: {fileID: 13700002, guid: e944b8ca085327846af82249be85ada9, type: 3}
      propertyPath: m_RootBone
      value: 
      objectReference: {fileID: 6049991141006643932}
    - target: {fileID: 13700004, guid: e944b8ca085327846af82249be85ada9, type: 3}
      propertyPath: m_Materials.Array.data[0]
      value: 
      objectReference: {fileID: 2100000, guid: 770adac18f32b2b469af723a2eb959be, type: 2}
    - target: {fileID: 13700004, guid: e944b8ca085327846af82249be85ada9, type: 3}
      propertyPath: m_Bones.Array.data[0]
      value: 
      objectReference: {fileID: 6049991141006643994}
    - target: {fileID: 13700004, guid: e944b8ca085327846af82249be85ada9, type: 3}
      propertyPath: m_Bones.Array.data[1]
      value: 
      objectReference: {fileID: 6049991141006643922}
    - target: {fileID: 13700004, guid: e944b8ca085327846af82249be85ada9, type: 3}
      propertyPath: m_Bones.Array.data[2]
      value: 
      objectReference: {fileID: 6049991141006643932}
    - target: {fileID: 13700004, guid: e944b8ca085327846af82249be85ada9, type: 3}
      propertyPath: m_RootBone
      value: 
      objectReference: {fileID: 6049991141006643932}
    - target: {fileID: 13700006, guid: e944b8ca085327846af82249be85ada9, type: 3}
      propertyPath: m_Materials.Array.data[0]
      value: 
      objectReference: {fileID: 2100000, guid: 770adac18f32b2b469af723a2eb959be, type: 2}
    - target: {fileID: 13700006, guid: e944b8ca085327846af82249be85ada9, type: 3}
      propertyPath: m_Bones.Array.data[0]
      value: 
      objectReference: {fileID: 6049991141006643934}
    - target: {fileID: 13700006, guid: e944b8ca085327846af82249be85ada9, type: 3}
      propertyPath: m_Bones.Array.data[1]
      value: 
      objectReference: {fileID: 6049991141006643932}
    - target: {fileID: 13700006, guid: e944b8ca085327846af82249be85ada9, type: 3}
      propertyPath: m_Bones.Array.data[2]
      value: 
      objectReference: {fileID: 6049991141006644054}
    - target: {fileID: 13700006, guid: e944b8ca085327846af82249be85ada9, type: 3}
      propertyPath: m_Bones.Array.data[3]
      value: 
      objectReference: {fileID: 6049991141006643994}
    - target: {fileID: 13700006, guid: e944b8ca085327846af82249be85ada9, type: 3}
      propertyPath: m_Bones.Array.data[4]
      value: 
      objectReference: {fileID: 6049991141006643922}
    - target: {fileID: 13700006, guid: e944b8ca085327846af82249be85ada9, type: 3}
      propertyPath: m_Bones.Array.data[5]
      value: 
      objectReference: {fileID: 6049991141006644052}
    - target: {fileID: 13700006, guid: e944b8ca085327846af82249be85ada9, type: 3}
      propertyPath: m_RootBone
      value: 
      objectReference: {fileID: 6049991141006644054}
    - target: {fileID: 13700008, guid: e944b8ca085327846af82249be85ada9, type: 3}
      propertyPath: m_Materials.Array.data[0]
      value: 
      objectReference: {fileID: 2100000, guid: a040e62e76780aa4495a5a8d780d0b80, type: 2}
    - target: {fileID: 13700008, guid: e944b8ca085327846af82249be85ada9, type: 3}
      propertyPath: m_Bones.Array.data[0]
      value: 
      objectReference: {fileID: 6049991141006643996}
    - target: {fileID: 13700008, guid: e944b8ca085327846af82249be85ada9, type: 3}
      propertyPath: m_Bones.Array.data[1]
      value: 
      objectReference: {fileID: 6049991141006643972}
    - target: {fileID: 13700008, guid: e944b8ca085327846af82249be85ada9, type: 3}
      propertyPath: m_Bones.Array.data[2]
      value: 
      objectReference: {fileID: 6049991141006644074}
    - target: {fileID: 13700008, guid: e944b8ca085327846af82249be85ada9, type: 3}
      propertyPath: m_Bones.Array.data[3]
      value: 
      objectReference: {fileID: 6049991141006643998}
    - target: {fileID: 13700008, guid: e944b8ca085327846af82249be85ada9, type: 3}
      propertyPath: m_Bones.Array.data[4]
      value: 
      objectReference: {fileID: 6049991141006643990}
    - target: {fileID: 13700008, guid: e944b8ca085327846af82249be85ada9, type: 3}
      propertyPath: m_Bones.Array.data[5]
      value: 
      objectReference: {fileID: 6049991141006643904}
    - target: {fileID: 13700008, guid: e944b8ca085327846af82249be85ada9, type: 3}
      propertyPath: m_Bones.Array.data[6]
      value: 
      objectReference: {fileID: 6049991141006643930}
    - target: {fileID: 13700008, guid: e944b8ca085327846af82249be85ada9, type: 3}
      propertyPath: m_Bones.Array.data[7]
      value: 
      objectReference: {fileID: 6049991141006643928}
    - target: {fileID: 13700008, guid: e944b8ca085327846af82249be85ada9, type: 3}
      propertyPath: m_RootBone
      value: 
      objectReference: {fileID: 6049991141006643928}
    - target: {fileID: 13700010, guid: e944b8ca085327846af82249be85ada9, type: 3}
      propertyPath: m_Materials.Array.data[0]
      value: 
      objectReference: {fileID: 2100000, guid: 23009d8c1a9ca0b4aa6396e6b582f4df, type: 2}
    - target: {fileID: 13700010, guid: e944b8ca085327846af82249be85ada9, type: 3}
      propertyPath: m_Bones.Array.data[0]
      value: 
      objectReference: {fileID: 6049991141006644072}
    - target: {fileID: 13700010, guid: e944b8ca085327846af82249be85ada9, type: 3}
      propertyPath: m_Bones.Array.data[1]
      value: 
      objectReference: {fileID: 6049991141006644078}
    - target: {fileID: 13700010, guid: e944b8ca085327846af82249be85ada9, type: 3}
      propertyPath: m_Bones.Array.data[2]
      value: 
      objectReference: {fileID: 6049991141006643980}
    - target: {fileID: 13700010, guid: e944b8ca085327846af82249be85ada9, type: 3}
      propertyPath: m_Bones.Array.data[3]
      value: 
      objectReference: {fileID: 6049991141006643970}
    - target: {fileID: 13700010, guid: e944b8ca085327846af82249be85ada9, type: 3}
      propertyPath: m_Bones.Array.data[4]
      value: 
      objectReference: {fileID: 6049991141006644092}
    - target: {fileID: 13700010, guid: e944b8ca085327846af82249be85ada9, type: 3}
      propertyPath: m_Bones.Array.data[5]
      value: 
      objectReference: {fileID: 6049991141006644084}
    - target: {fileID: 13700010, guid: e944b8ca085327846af82249be85ada9, type: 3}
      propertyPath: m_Bones.Array.data[6]
      value: 
      objectReference: {fileID: 6049991141006644082}
    - target: {fileID: 13700010, guid: e944b8ca085327846af82249be85ada9, type: 3}
      propertyPath: m_Bones.Array.data[7]
      value: 
      objectReference: {fileID: 6049991141006643978}
    - target: {fileID: 13700010, guid: e944b8ca085327846af82249be85ada9, type: 3}
      propertyPath: m_Bones.Array.data[8]
      value: 
      objectReference: {fileID: 6049991141006644068}
    - target: {fileID: 13700010, guid: e944b8ca085327846af82249be85ada9, type: 3}
      propertyPath: m_Bones.Array.data[9]
      value: 
      objectReference: {fileID: 6049991141006644076}
    - target: {fileID: 13700010, guid: e944b8ca085327846af82249be85ada9, type: 3}
      propertyPath: m_Bones.Array.data[10]
      value: 
      objectReference: {fileID: 6049991141006644090}
    - target: {fileID: 13700010, guid: e944b8ca085327846af82249be85ada9, type: 3}
      propertyPath: m_Bones.Array.data[11]
      value: 
      objectReference: {fileID: 6049991141006644066}
    - target: {fileID: 13700010, guid: e944b8ca085327846af82249be85ada9, type: 3}
      propertyPath: m_Bones.Array.data[12]
      value: 
      objectReference: {fileID: 6049991141006643968}
    - target: {fileID: 13700010, guid: e944b8ca085327846af82249be85ada9, type: 3}
      propertyPath: m_Bones.Array.data[13]
      value: 
      objectReference: {fileID: 6049991141006644080}
    - target: {fileID: 13700010, guid: e944b8ca085327846af82249be85ada9, type: 3}
      propertyPath: m_Bones.Array.data[14]
      value: 
      objectReference: {fileID: 6049991141006644064}
    - target: {fileID: 13700010, guid: e944b8ca085327846af82249be85ada9, type: 3}
      propertyPath: m_Bones.Array.data[15]
      value: 
      objectReference: {fileID: 6049991141006644088}
    - target: {fileID: 13700010, guid: e944b8ca085327846af82249be85ada9, type: 3}
      propertyPath: m_Bones.Array.data[16]
      value: 
      objectReference: {fileID: 6049991141006643976}
    - target: {fileID: 13700010, guid: e944b8ca085327846af82249be85ada9, type: 3}
      propertyPath: m_Bones.Array.data[17]
      value: 
      objectReference: {fileID: 6049991141006644010}
    - target: {fileID: 13700010, guid: e944b8ca085327846af82249be85ada9, type: 3}
      propertyPath: m_Bones.Array.data[18]
      value: 
      objectReference: {fileID: 6049991141006643912}
    - target: {fileID: 13700010, guid: e944b8ca085327846af82249be85ada9, type: 3}
      propertyPath: m_Bones.Array.data[19]
      value: 
      objectReference: {fileID: 6049991141006643988}
    - target: {fileID: 13700010, guid: e944b8ca085327846af82249be85ada9, type: 3}
      propertyPath: m_Bones.Array.data[20]
      value: 
      objectReference: {fileID: 6049991141006644024}
    - target: {fileID: 13700010, guid: e944b8ca085327846af82249be85ada9, type: 3}
      propertyPath: m_Bones.Array.data[21]
      value: 
      objectReference: {fileID: 6049991141006643918}
    - target: {fileID: 13700010, guid: e944b8ca085327846af82249be85ada9, type: 3}
      propertyPath: m_Bones.Array.data[22]
      value: 
      objectReference: {fileID: 6049991141006644008}
    - target: {fileID: 13700010, guid: e944b8ca085327846af82249be85ada9, type: 3}
      propertyPath: m_Bones.Array.data[23]
      value: 
      objectReference: {fileID: 6049991141006644000}
    - target: {fileID: 13700010, guid: e944b8ca085327846af82249be85ada9, type: 3}
      propertyPath: m_Bones.Array.data[24]
      value: 
      objectReference: {fileID: 6049991141006644016}
    - target: {fileID: 13700010, guid: e944b8ca085327846af82249be85ada9, type: 3}
      propertyPath: m_Bones.Array.data[25]
      value: 
      objectReference: {fileID: 6049991141006644022}
    - target: {fileID: 13700010, guid: e944b8ca085327846af82249be85ada9, type: 3}
      propertyPath: m_Bones.Array.data[26]
      value: 
      objectReference: {fileID: 6049991141006644006}
    - target: {fileID: 13700010, guid: e944b8ca085327846af82249be85ada9, type: 3}
      propertyPath: m_Bones.Array.data[27]
      value: 
      objectReference: {fileID: 6049991141006644014}
    - target: {fileID: 13700010, guid: e944b8ca085327846af82249be85ada9, type: 3}
      propertyPath: m_Bones.Array.data[28]
      value: 
      objectReference: {fileID: 6049991141006643916}
    - target: {fileID: 13700010, guid: e944b8ca085327846af82249be85ada9, type: 3}
      propertyPath: m_Bones.Array.data[29]
      value: 
      objectReference: {fileID: 6049991141006644030}
    - target: {fileID: 13700010, guid: e944b8ca085327846af82249be85ada9, type: 3}
      propertyPath: m_Bones.Array.data[30]
      value: 
      objectReference: {fileID: 6049991141006644028}
    - target: {fileID: 13700010, guid: e944b8ca085327846af82249be85ada9, type: 3}
      propertyPath: m_Bones.Array.data[31]
      value: 
      objectReference: {fileID: 6049991141006644012}
    - target: {fileID: 13700010, guid: e944b8ca085327846af82249be85ada9, type: 3}
      propertyPath: m_Bones.Array.data[32]
      value: 
      objectReference: {fileID: 6049991141006644004}
    - target: {fileID: 13700010, guid: e944b8ca085327846af82249be85ada9, type: 3}
      propertyPath: m_Bones.Array.data[33]
      value: 
      objectReference: {fileID: 6049991141006644020}
    - target: {fileID: 13700010, guid: e944b8ca085327846af82249be85ada9, type: 3}
      propertyPath: m_Bones.Array.data[34]
      value: 
      objectReference: {fileID: 6049991141006643984}
    - target: {fileID: 13700010, guid: e944b8ca085327846af82249be85ada9, type: 3}
      propertyPath: m_Bones.Array.data[35]
      value: 
      objectReference: {fileID: 6049991141006644050}
    - target: {fileID: 13700010, guid: e944b8ca085327846af82249be85ada9, type: 3}
      propertyPath: m_Bones.Array.data[36]
      value: 
      objectReference: {fileID: 6049991141006643922}
    - target: {fileID: 13700010, guid: e944b8ca085327846af82249be85ada9, type: 3}
      propertyPath: m_Bones.Array.data[37]
      value: 
      objectReference: {fileID: 6049991141006643986}
    - target: {fileID: 13700010, guid: e944b8ca085327846af82249be85ada9, type: 3}
      propertyPath: m_Bones.Array.data[38]
      value: 
      objectReference: {fileID: 6049991141006643994}
    - target: {fileID: 13700010, guid: e944b8ca085327846af82249be85ada9, type: 3}
      propertyPath: m_Bones.Array.data[39]
      value: 
      objectReference: {fileID: 6049991141006643910}
    - target: {fileID: 13700010, guid: e944b8ca085327846af82249be85ada9, type: 3}
      propertyPath: m_RootBone
      value: 
      objectReference: {fileID: 6049991141006643922}
    - target: {fileID: 13700012, guid: e944b8ca085327846af82249be85ada9, type: 3}
      propertyPath: m_Materials.Array.data[0]
      value: 
      objectReference: {fileID: 2100000, guid: 770adac18f32b2b469af723a2eb959be, type: 2}
    - target: {fileID: 13700012, guid: e944b8ca085327846af82249be85ada9, type: 3}
      propertyPath: m_Bones.Array.data[0]
      value: 
      objectReference: {fileID: 6049991141006643922}
    - target: {fileID: 13700012, guid: e944b8ca085327846af82249be85ada9, type: 3}
      propertyPath: m_Bones.Array.data[1]
      value: 
      objectReference: {fileID: 6049991141006643932}
    - target: {fileID: 13700012, guid: e944b8ca085327846af82249be85ada9, type: 3}
      propertyPath: m_Bones.Array.data[2]
      value: 
      objectReference: {fileID: 6049991141006643994}
    - target: {fileID: 13700012, guid: e944b8ca085327846af82249be85ada9, type: 3}
      propertyPath: m_Bones.Array.data[3]
      value: 
      objectReference: {fileID: 6049991141006644052}
    - target: {fileID: 13700012, guid: e944b8ca085327846af82249be85ada9, type: 3}
      propertyPath: m_Bones.Array.data[4]
      value: 
      objectReference: {fileID: 6049991141006644072}
    - target: {fileID: 13700012, guid: e944b8ca085327846af82249be85ada9, type: 3}
      propertyPath: m_Bones.Array.data[5]
      value: 
      objectReference: {fileID: 6049991141006644078}
    - target: {fileID: 13700012, guid: e944b8ca085327846af82249be85ada9, type: 3}
      propertyPath: m_Bones.Array.data[6]
      value: 
      objectReference: {fileID: 6049991141006643934}
    - target: {fileID: 13700012, guid: e944b8ca085327846af82249be85ada9, type: 3}
      propertyPath: m_Bones.Array.data[7]
      value: 
      objectReference: {fileID: 6049991141006644054}
    - target: {fileID: 13700012, guid: e944b8ca085327846af82249be85ada9, type: 3}
      propertyPath: m_Bones.Array.data[8]
      value: 
      objectReference: {fileID: 6049991141006643910}
    - target: {fileID: 13700012, guid: e944b8ca085327846af82249be85ada9, type: 3}
      propertyPath: m_Bones.Array.data[9]
      value: 
      objectReference: {fileID: 6049991141006643984}
    - target: {fileID: 13700012, guid: e944b8ca085327846af82249be85ada9, type: 3}
      propertyPath: m_Bones.Array.data[10]
      value: 
      objectReference: {fileID: 6049991141006643988}
    - target: {fileID: 13700012, guid: e944b8ca085327846af82249be85ada9, type: 3}
      propertyPath: m_Bones.Array.data[11]
      value: 
      objectReference: {fileID: 6049991141006643928}
    - target: {fileID: 13700012, guid: e944b8ca085327846af82249be85ada9, type: 3}
      propertyPath: m_Bones.Array.data[12]
      value: 
      objectReference: {fileID: 6049991141006643996}
    - target: {fileID: 13700012, guid: e944b8ca085327846af82249be85ada9, type: 3}
      propertyPath: m_Bones.Array.data[13]
      value: 
      objectReference: {fileID: 6049991141006643986}
    - target: {fileID: 13700012, guid: e944b8ca085327846af82249be85ada9, type: 3}
      propertyPath: m_Bones.Array.data[14]
      value: 
      objectReference: {fileID: 6049991141006644050}
    - target: {fileID: 13700012, guid: e944b8ca085327846af82249be85ada9, type: 3}
      propertyPath: m_Bones.Array.data[15]
      value: 
      objectReference: {fileID: 6049991141006644010}
    - target: {fileID: 13700012, guid: e944b8ca085327846af82249be85ada9, type: 3}
      propertyPath: m_RootBone
      value: 
      objectReference: {fileID: 6049991141006644054}
    - target: {fileID: 13700014, guid: e944b8ca085327846af82249be85ada9, type: 3}
      propertyPath: m_Materials.Array.data[0]
      value: 
      objectReference: {fileID: 2100000, guid: b9c4df6f1cfe001409c30b1e3be1da42, type: 2}
    - target: {fileID: 13700014, guid: e944b8ca085327846af82249be85ada9, type: 3}
      propertyPath: m_Bones.Array.data[0]
      value: 
      objectReference: {fileID: 6049991141006644050}
    - target: {fileID: 13700014, guid: e944b8ca085327846af82249be85ada9, type: 3}
      propertyPath: m_Bones.Array.data[1]
      value: 
      objectReference: {fileID: 6049991141006643986}
    - target: {fileID: 13700014, guid: e944b8ca085327846af82249be85ada9, type: 3}
      propertyPath: m_RootBone
      value: 
      objectReference: {fileID: 6049991141006643986}
    - target: {fileID: 13700016, guid: e944b8ca085327846af82249be85ada9, type: 3}
      propertyPath: m_Materials.Array.data[0]
      value: 
      objectReference: {fileID: 2100000, guid: e0d8d9c618ef83b43a52d3d0d80ba43c, type: 2}
    - target: {fileID: 13700016, guid: e944b8ca085327846af82249be85ada9, type: 3}
      propertyPath: m_Bones.Array.data[0]
      value: 
      objectReference: {fileID: 6049991141006644050}
    - target: {fileID: 13700016, guid: e944b8ca085327846af82249be85ada9, type: 3}
      propertyPath: m_Bones.Array.data[1]
      value: 
      objectReference: {fileID: 6049991141006643986}
    - target: {fileID: 13700016, guid: e944b8ca085327846af82249be85ada9, type: 3}
      propertyPath: m_RootBone
      value: 
      objectReference: {fileID: 6049991141006643986}
    - target: {fileID: 13700018, guid: e944b8ca085327846af82249be85ada9, type: 3}
      propertyPath: m_Materials.Array.data[0]
      value: 
      objectReference: {fileID: 2100000, guid: 95f638d7e48f064459131877c6e8ef67, type: 2}
    - target: {fileID: 13700018, guid: e944b8ca085327846af82249be85ada9, type: 3}
      propertyPath: m_Bones.Array.data[0]
      value: 
      objectReference: {fileID: 6049991141006644050}
    - target: {fileID: 13700018, guid: e944b8ca085327846af82249be85ada9, type: 3}
      propertyPath: m_Bones.Array.data[1]
      value: 
      objectReference: {fileID: 6049991141006643986}
    - target: {fileID: 13700018, guid: e944b8ca085327846af82249be85ada9, type: 3}
      propertyPath: m_Bones.Array.data[2]
      value: 
      objectReference: {fileID: 6049991141006643922}
    - target: {fileID: 13700018, guid: e944b8ca085327846af82249be85ada9, type: 3}
      propertyPath: m_RootBone
      value: 
      objectReference: {fileID: 6049991141006643922}
    - target: {fileID: 13700020, guid: e944b8ca085327846af82249be85ada9, type: 3}
      propertyPath: m_Materials.Array.data[0]
      value: 
      objectReference: {fileID: 2100000, guid: 1c45c85ba119c7940aaf592613f3e072, type: 2}
    - target: {fileID: 13700020, guid: e944b8ca085327846af82249be85ada9, type: 3}
      propertyPath: m_Bones.Array.data[0]
      value: 
      objectReference: {fileID: 6049991141006644050}
    - target: {fileID: 13700020, guid: e944b8ca085327846af82249be85ada9, type: 3}
      propertyPath: m_Bones.Array.data[1]
      value: 
      objectReference: {fileID: 6049991141006643986}
    - target: {fileID: 13700020, guid: e944b8ca085327846af82249be85ada9, type: 3}
      propertyPath: m_RootBone
      value: 
      objectReference: {fileID: 6049991141006643986}
    - target: {fileID: 13700022, guid: e944b8ca085327846af82249be85ada9, type: 3}
      propertyPath: m_Materials.Array.data[0]
      value: 
      objectReference: {fileID: 2100000, guid: 730e283e587379f4d956e3599641fba5, type: 2}
    - target: {fileID: 13700022, guid: e944b8ca085327846af82249be85ada9, type: 3}
      propertyPath: m_Bones.Array.data[0]
      value: 
      objectReference: {fileID: 6049991141006643990}
    - target: {fileID: 13700022, guid: e944b8ca085327846af82249be85ada9, type: 3}
      propertyPath: m_Bones.Array.data[1]
      value: 
      objectReference: {fileID: 6049991141006643904}
    - target: {fileID: 13700022, guid: e944b8ca085327846af82249be85ada9, type: 3}
      propertyPath: m_Bones.Array.data[2]
      value: 
      objectReference: {fileID: 6049991141006643930}
    - target: {fileID: 13700022, guid: e944b8ca085327846af82249be85ada9, type: 3}
      propertyPath: m_Bones.Array.data[3]
      value: 
      objectReference: {fileID: 6049991141006643928}
    - target: {fileID: 13700022, guid: e944b8ca085327846af82249be85ada9, type: 3}
      propertyPath: m_Bones.Array.data[4]
      value: 
      objectReference: {fileID: 6049991141006644054}
    - target: {fileID: 13700022, guid: e944b8ca085327846af82249be85ada9, type: 3}
      propertyPath: m_Bones.Array.data[5]
      value: 
      objectReference: {fileID: 6049991141006643996}
    - target: {fileID: 13700022, guid: e944b8ca085327846af82249be85ada9, type: 3}
      propertyPath: m_Bones.Array.data[6]
      value: 
      objectReference: {fileID: 6049991141006643934}
    - target: {fileID: 13700022, guid: e944b8ca085327846af82249be85ada9, type: 3}
      propertyPath: m_Bones.Array.data[7]
      value: 
      objectReference: {fileID: 6049991141006643972}
    - target: {fileID: 13700022, guid: e944b8ca085327846af82249be85ada9, type: 3}
      propertyPath: m_Bones.Array.data[8]
      value: 
      objectReference: {fileID: 6049991141006644074}
    - target: {fileID: 13700022, guid: e944b8ca085327846af82249be85ada9, type: 3}
      propertyPath: m_Bones.Array.data[9]
      value: 
      objectReference: {fileID: 6049991141006643998}
    - target: {fileID: 13700022, guid: e944b8ca085327846af82249be85ada9, type: 3}
      propertyPath: m_RootBone
      value: 
      objectReference: {fileID: 6049991141006644054}
    - target: {fileID: 13700024, guid: e944b8ca085327846af82249be85ada9, type: 3}
      propertyPath: m_Materials.Array.data[0]
      value: 
      objectReference: {fileID: 2100000, guid: 4849b5519a69a9042977ddbce02211bc, type: 2}
    - target: {fileID: 13700024, guid: e944b8ca085327846af82249be85ada9, type: 3}
      propertyPath: m_Bones.Array.data[0]
      value: 
      objectReference: {fileID: 6049991141006644050}
    - target: {fileID: 13700024, guid: e944b8ca085327846af82249be85ada9, type: 3}
      propertyPath: m_Bones.Array.data[1]
      value: 
      objectReference: {fileID: 6049991141006643922}
    - target: {fileID: 13700024, guid: e944b8ca085327846af82249be85ada9, type: 3}
      propertyPath: m_Bones.Array.data[2]
      value: 
      objectReference: {fileID: 6049991141006643986}
    - target: {fileID: 13700024, guid: e944b8ca085327846af82249be85ada9, type: 3}
      propertyPath: m_Bones.Array.data[3]
      value: 
      objectReference: {fileID: 6049991141006643994}
    - target: {fileID: 13700024, guid: e944b8ca085327846af82249be85ada9, type: 3}
      propertyPath: m_Bones.Array.data[4]
      value: 
      objectReference: {fileID: 6049991141006644010}
    - target: {fileID: 13700024, guid: e944b8ca085327846af82249be85ada9, type: 3}
      propertyPath: m_Bones.Array.data[5]
      value: 
      objectReference: {fileID: 6049991141006643984}
    - target: {fileID: 13700024, guid: e944b8ca085327846af82249be85ada9, type: 3}
      propertyPath: m_Bones.Array.data[6]
      value: 
      objectReference: {fileID: 6049991141006643988}
    - target: {fileID: 13700024, guid: e944b8ca085327846af82249be85ada9, type: 3}
      propertyPath: m_Bones.Array.data[7]
      value: 
      objectReference: {fileID: 6049991141006643910}
    - target: {fileID: 13700024, guid: e944b8ca085327846af82249be85ada9, type: 3}
      propertyPath: m_Bones.Array.data[8]
      value: 
      objectReference: {fileID: 6049991141006644072}
    - target: {fileID: 13700024, guid: e944b8ca085327846af82249be85ada9, type: 3}
      propertyPath: m_Bones.Array.data[9]
      value: 
      objectReference: {fileID: 6049991141006644078}
    - target: {fileID: 13700024, guid: e944b8ca085327846af82249be85ada9, type: 3}
      propertyPath: m_Bones.Array.data[10]
      value: 
      objectReference: {fileID: 6049991141006643980}
    - target: {fileID: 13700024, guid: e944b8ca085327846af82249be85ada9, type: 3}
      propertyPath: m_Bones.Array.data[11]
      value: 
      objectReference: {fileID: 6049991141006643912}
    - target: {fileID: 13700024, guid: e944b8ca085327846af82249be85ada9, type: 3}
      propertyPath: m_RootBone
      value: 
      objectReference: {fileID: 6049991141006643922}
    - target: {fileID: 13700026, guid: e944b8ca085327846af82249be85ada9, type: 3}
      propertyPath: m_Materials.Array.data[0]
      value: 
      objectReference: {fileID: 2100000, guid: 4849b5519a69a9042977ddbce02211bc, type: 2}
    - target: {fileID: 13700026, guid: e944b8ca085327846af82249be85ada9, type: 3}
      propertyPath: m_Bones.Array.data[0]
      value: 
      objectReference: {fileID: 6049991141006643994}
    - target: {fileID: 13700026, guid: e944b8ca085327846af82249be85ada9, type: 3}
      propertyPath: m_Bones.Array.data[1]
      value: 
      objectReference: {fileID: 6049991141006643922}
    - target: {fileID: 13700026, guid: e944b8ca085327846af82249be85ada9, type: 3}
      propertyPath: m_Bones.Array.data[2]
      value: 
      objectReference: {fileID: 6049991141006643986}
    - target: {fileID: 13700026, guid: e944b8ca085327846af82249be85ada9, type: 3}
      propertyPath: m_Bones.Array.data[3]
      value: 
      objectReference: {fileID: 6049991141006644050}
    - target: {fileID: 13700026, guid: e944b8ca085327846af82249be85ada9, type: 3}
      propertyPath: m_Bones.Array.data[4]
      value: 
      objectReference: {fileID: 6049991141006643932}
    - target: {fileID: 13700026, guid: e944b8ca085327846af82249be85ada9, type: 3}
      propertyPath: m_Bones.Array.data[5]
      value: 
      objectReference: {fileID: 6049991141006643910}
    - target: {fileID: 13700026, guid: e944b8ca085327846af82249be85ada9, type: 3}
      propertyPath: m_Bones.Array.data[6]
      value: 
      objectReference: {fileID: 6049991141006643984}
    - target: {fileID: 13700026, guid: e944b8ca085327846af82249be85ada9, type: 3}
      propertyPath: m_RootBone
      value: 
      objectReference: {fileID: 6049991141006643932}
    - target: {fileID: 13700028, guid: e944b8ca085327846af82249be85ada9, type: 3}
      propertyPath: m_Materials.Array.data[0]
      value: 
      objectReference: {fileID: 2100000, guid: 4849b5519a69a9042977ddbce02211bc, type: 2}
    - target: {fileID: 13700028, guid: e944b8ca085327846af82249be85ada9, type: 3}
      propertyPath: m_Bones.Array.data[0]
      value: 
      objectReference: {fileID: 6049991141006644050}
    - target: {fileID: 13700028, guid: e944b8ca085327846af82249be85ada9, type: 3}
      propertyPath: m_Bones.Array.data[1]
      value: 
      objectReference: {fileID: 6049991141006643922}
    - target: {fileID: 13700028, guid: e944b8ca085327846af82249be85ada9, type: 3}
      propertyPath: m_Bones.Array.data[2]
      value: 
      objectReference: {fileID: 6049991141006643986}
    - target: {fileID: 13700028, guid: e944b8ca085327846af82249be85ada9, type: 3}
      propertyPath: m_Bones.Array.data[3]
      value: 
      objectReference: {fileID: 6049991141006643932}
    - target: {fileID: 13700028, guid: e944b8ca085327846af82249be85ada9, type: 3}
      propertyPath: m_RootBone
      value: 
      objectReference: {fileID: 6049991141006643932}
    - target: {fileID: 13700030, guid: e944b8ca085327846af82249be85ada9, type: 3}
      propertyPath: m_Materials.Array.data[0]
      value: 
      objectReference: {fileID: 2100000, guid: 4849b5519a69a9042977ddbce02211bc, type: 2}
    - target: {fileID: 13700030, guid: e944b8ca085327846af82249be85ada9, type: 3}
      propertyPath: m_Bones.Array.data[0]
      value: 
      objectReference: {fileID: 6049991141006643934}
    - target: {fileID: 13700030, guid: e944b8ca085327846af82249be85ada9, type: 3}
      propertyPath: m_Bones.Array.data[1]
      value: 
      objectReference: {fileID: 6049991141006643932}
    - target: {fileID: 13700030, guid: e944b8ca085327846af82249be85ada9, type: 3}
      propertyPath: m_Bones.Array.data[2]
      value: 
      objectReference: {fileID: 6049991141006644054}
    - target: {fileID: 13700030, guid: e944b8ca085327846af82249be85ada9, type: 3}
      propertyPath: m_Bones.Array.data[3]
      value: 
      objectReference: {fileID: 6049991141006643994}
    - target: {fileID: 13700030, guid: e944b8ca085327846af82249be85ada9, type: 3}
      propertyPath: m_Bones.Array.data[4]
      value: 
      objectReference: {fileID: 6049991141006643922}
    - target: {fileID: 13700030, guid: e944b8ca085327846af82249be85ada9, type: 3}
      propertyPath: m_Bones.Array.data[5]
      value: 
      objectReference: {fileID: 6049991141006643910}
    - target: {fileID: 13700030, guid: e944b8ca085327846af82249be85ada9, type: 3}
      propertyPath: m_Bones.Array.data[6]
      value: 
      objectReference: {fileID: 6049991141006643984}
    - target: {fileID: 13700030, guid: e944b8ca085327846af82249be85ada9, type: 3}
      propertyPath: m_RootBone
      value: 
      objectReference: {fileID: 6049991141006644054}
    m_RemovedComponents: []
  m_SourcePrefab: {fileID: 100100000, guid: e944b8ca085327846af82249be85ada9, type: 3}
--- !u!4 &6049991141006643996 stripped
Transform:
  m_CorrespondingSourceObject: {fileID: 400086, guid: e944b8ca085327846af82249be85ada9,
    type: 3}
  m_PrefabInstance: {fileID: 6049991141006248394}
  m_PrefabAsset: {fileID: 0}
--- !u!4 &6049991141006643972 stripped
Transform:
  m_CorrespondingSourceObject: {fileID: 400078, guid: e944b8ca085327846af82249be85ada9,
    type: 3}
  m_PrefabInstance: {fileID: 6049991141006248394}
  m_PrefabAsset: {fileID: 0}
--- !u!4 &6049991141006644074 stripped
Transform:
  m_CorrespondingSourceObject: {fileID: 400032, guid: e944b8ca085327846af82249be85ada9,
    type: 3}
  m_PrefabInstance: {fileID: 6049991141006248394}
  m_PrefabAsset: {fileID: 0}
--- !u!4 &6049991141006643998 stripped
Transform:
  m_CorrespondingSourceObject: {fileID: 400084, guid: e944b8ca085327846af82249be85ada9,
    type: 3}
  m_PrefabInstance: {fileID: 6049991141006248394}
  m_PrefabAsset: {fileID: 0}
--- !u!4 &6049991141006643928 stripped
Transform:
  m_CorrespondingSourceObject: {fileID: 400146, guid: e944b8ca085327846af82249be85ada9,
    type: 3}
  m_PrefabInstance: {fileID: 6049991141006248394}
  m_PrefabAsset: {fileID: 0}
--- !u!4 &6049991141006643904 stripped
Transform:
  m_CorrespondingSourceObject: {fileID: 400138, guid: e944b8ca085327846af82249be85ada9,
    type: 3}
  m_PrefabInstance: {fileID: 6049991141006248394}
  m_PrefabAsset: {fileID: 0}
--- !u!4 &6049991141006643990 stripped
Transform:
  m_CorrespondingSourceObject: {fileID: 400092, guid: e944b8ca085327846af82249be85ada9,
    type: 3}
  m_PrefabInstance: {fileID: 6049991141006248394}
  m_PrefabAsset: {fileID: 0}
--- !u!4 &6049991141006643930 stripped
Transform:
  m_CorrespondingSourceObject: {fileID: 400144, guid: e944b8ca085327846af82249be85ada9,
    type: 3}
  m_PrefabInstance: {fileID: 6049991141006248394}
  m_PrefabAsset: {fileID: 0}
--- !u!4 &6049991141006643934 stripped
Transform:
  m_CorrespondingSourceObject: {fileID: 400148, guid: e944b8ca085327846af82249be85ada9,
    type: 3}
  m_PrefabInstance: {fileID: 6049991141006248394}
  m_PrefabAsset: {fileID: 0}
--- !u!4 &6049991141006643932 stripped
Transform:
  m_CorrespondingSourceObject: {fileID: 400150, guid: e944b8ca085327846af82249be85ada9,
    type: 3}
  m_PrefabInstance: {fileID: 6049991141006248394}
  m_PrefabAsset: {fileID: 0}
--- !u!4 &6049991141006643922 stripped
Transform:
  m_CorrespondingSourceObject: {fileID: 400152, guid: e944b8ca085327846af82249be85ada9,
    type: 3}
  m_PrefabInstance: {fileID: 6049991141006248394}
  m_PrefabAsset: {fileID: 0}
--- !u!4 &6049991141006643994 stripped
Transform:
  m_CorrespondingSourceObject: {fileID: 400080, guid: e944b8ca085327846af82249be85ada9,
    type: 3}
  m_PrefabInstance: {fileID: 6049991141006248394}
  m_PrefabAsset: {fileID: 0}
--- !u!4 &6049991141006644052 stripped
Transform:
  m_CorrespondingSourceObject: {fileID: 400030, guid: e944b8ca085327846af82249be85ada9,
    type: 3}
  m_PrefabInstance: {fileID: 6049991141006248394}
  m_PrefabAsset: {fileID: 0}
--- !u!4 &6049991141006644072 stripped
Transform:
  m_CorrespondingSourceObject: {fileID: 400034, guid: e944b8ca085327846af82249be85ada9,
    type: 3}
  m_PrefabInstance: {fileID: 6049991141006248394}
  m_PrefabAsset: {fileID: 0}
--- !u!4 &6049991141006644078 stripped
Transform:
  m_CorrespondingSourceObject: {fileID: 400036, guid: e944b8ca085327846af82249be85ada9,
    type: 3}
  m_PrefabInstance: {fileID: 6049991141006248394}
  m_PrefabAsset: {fileID: 0}
--- !u!4 &6049991141006644076 stripped
Transform:
  m_CorrespondingSourceObject: {fileID: 400038, guid: e944b8ca085327846af82249be85ada9,
    type: 3}
  m_PrefabInstance: {fileID: 6049991141006248394}
  m_PrefabAsset: {fileID: 0}
--- !u!4 &6049991141006644066 stripped
Transform:
  m_CorrespondingSourceObject: {fileID: 400040, guid: e944b8ca085327846af82249be85ada9,
    type: 3}
  m_PrefabInstance: {fileID: 6049991141006248394}
  m_PrefabAsset: {fileID: 0}
--- !u!4 &6049991141006644064 stripped
Transform:
  m_CorrespondingSourceObject: {fileID: 400042, guid: e944b8ca085327846af82249be85ada9,
    type: 3}
  m_PrefabInstance: {fileID: 6049991141006248394}
  m_PrefabAsset: {fileID: 0}
--- !u!4 &6049991141006644068 stripped
Transform:
  m_CorrespondingSourceObject: {fileID: 400046, guid: e944b8ca085327846af82249be85ada9,
    type: 3}
  m_PrefabInstance: {fileID: 6049991141006248394}
  m_PrefabAsset: {fileID: 0}
--- !u!4 &6049991141006644090 stripped
Transform:
  m_CorrespondingSourceObject: {fileID: 400048, guid: e944b8ca085327846af82249be85ada9,
    type: 3}
  m_PrefabInstance: {fileID: 6049991141006248394}
  m_PrefabAsset: {fileID: 0}
--- !u!4 &6049991141006644088 stripped
Transform:
  m_CorrespondingSourceObject: {fileID: 400050, guid: e944b8ca085327846af82249be85ada9,
    type: 3}
  m_PrefabInstance: {fileID: 6049991141006248394}
  m_PrefabAsset: {fileID: 0}
--- !u!4 &6049991141006644092 stripped
Transform:
  m_CorrespondingSourceObject: {fileID: 400054, guid: e944b8ca085327846af82249be85ada9,
    type: 3}
  m_PrefabInstance: {fileID: 6049991141006248394}
  m_PrefabAsset: {fileID: 0}
--- !u!4 &6049991141006644082 stripped
Transform:
  m_CorrespondingSourceObject: {fileID: 400056, guid: e944b8ca085327846af82249be85ada9,
    type: 3}
  m_PrefabInstance: {fileID: 6049991141006248394}
  m_PrefabAsset: {fileID: 0}
--- !u!4 &6049991141006644080 stripped
Transform:
  m_CorrespondingSourceObject: {fileID: 400058, guid: e944b8ca085327846af82249be85ada9,
    type: 3}
  m_PrefabInstance: {fileID: 6049991141006248394}
  m_PrefabAsset: {fileID: 0}
--- !u!4 &6049991141006644084 stripped
Transform:
  m_CorrespondingSourceObject: {fileID: 400062, guid: e944b8ca085327846af82249be85ada9,
    type: 3}
  m_PrefabInstance: {fileID: 6049991141006248394}
  m_PrefabAsset: {fileID: 0}
--- !u!4 &6049991141006643978 stripped
Transform:
  m_CorrespondingSourceObject: {fileID: 400064, guid: e944b8ca085327846af82249be85ada9,
    type: 3}
  m_PrefabInstance: {fileID: 6049991141006248394}
  m_PrefabAsset: {fileID: 0}
--- !u!4 &6049991141006643976 stripped
Transform:
  m_CorrespondingSourceObject: {fileID: 400066, guid: e944b8ca085327846af82249be85ada9,
    type: 3}
  m_PrefabInstance: {fileID: 6049991141006248394}
  m_PrefabAsset: {fileID: 0}
--- !u!4 &6049991141006643980 stripped
Transform:
  m_CorrespondingSourceObject: {fileID: 400070, guid: e944b8ca085327846af82249be85ada9,
    type: 3}
  m_PrefabInstance: {fileID: 6049991141006248394}
  m_PrefabAsset: {fileID: 0}
--- !u!4 &6049991141006643970 stripped
Transform:
  m_CorrespondingSourceObject: {fileID: 400072, guid: e944b8ca085327846af82249be85ada9,
    type: 3}
  m_PrefabInstance: {fileID: 6049991141006248394}
  m_PrefabAsset: {fileID: 0}
--- !u!4 &6049991141006643968 stripped
Transform:
  m_CorrespondingSourceObject: {fileID: 400074, guid: e944b8ca085327846af82249be85ada9,
    type: 3}
  m_PrefabInstance: {fileID: 6049991141006248394}
  m_PrefabAsset: {fileID: 0}
--- !u!4 &6049991141006643986 stripped
Transform:
  m_CorrespondingSourceObject: {fileID: 400088, guid: e944b8ca085327846af82249be85ada9,
    type: 3}
  m_PrefabInstance: {fileID: 6049991141006248394}
  m_PrefabAsset: {fileID: 0}
--- !u!4 &6049991141006644050 stripped
Transform:
  m_CorrespondingSourceObject: {fileID: 400024, guid: e944b8ca085327846af82249be85ada9,
    type: 3}
  m_PrefabInstance: {fileID: 6049991141006248394}
  m_PrefabAsset: {fileID: 0}
--- !u!4 &6049991141006643910 stripped
Transform:
  m_CorrespondingSourceObject: {fileID: 400140, guid: e944b8ca085327846af82249be85ada9,
    type: 3}
  m_PrefabInstance: {fileID: 6049991141006248394}
  m_PrefabAsset: {fileID: 0}
--- !u!4 &6049991141006643984 stripped
Transform:
  m_CorrespondingSourceObject: {fileID: 400090, guid: e944b8ca085327846af82249be85ada9,
    type: 3}
  m_PrefabInstance: {fileID: 6049991141006248394}
  m_PrefabAsset: {fileID: 0}
--- !u!4 &6049991141006643988 stripped
Transform:
  m_CorrespondingSourceObject: {fileID: 400094, guid: e944b8ca085327846af82249be85ada9,
    type: 3}
  m_PrefabInstance: {fileID: 6049991141006248394}
  m_PrefabAsset: {fileID: 0}
--- !u!4 &6049991141006644010 stripped
Transform:
  m_CorrespondingSourceObject: {fileID: 400096, guid: e944b8ca085327846af82249be85ada9,
    type: 3}
  m_PrefabInstance: {fileID: 6049991141006248394}
  m_PrefabAsset: {fileID: 0}
--- !u!4 &6049991141006644008 stripped
Transform:
  m_CorrespondingSourceObject: {fileID: 400098, guid: e944b8ca085327846af82249be85ada9,
    type: 3}
  m_PrefabInstance: {fileID: 6049991141006248394}
  m_PrefabAsset: {fileID: 0}
--- !u!4 &6049991141006644014 stripped
Transform:
  m_CorrespondingSourceObject: {fileID: 400100, guid: e944b8ca085327846af82249be85ada9,
    type: 3}
  m_PrefabInstance: {fileID: 6049991141006248394}
  m_PrefabAsset: {fileID: 0}
--- !u!4 &6049991141006644012 stripped
Transform:
  m_CorrespondingSourceObject: {fileID: 400102, guid: e944b8ca085327846af82249be85ada9,
    type: 3}
  m_PrefabInstance: {fileID: 6049991141006248394}
  m_PrefabAsset: {fileID: 0}
--- !u!4 &6049991141006644054 stripped
Transform:
  m_CorrespondingSourceObject: {fileID: 400028, guid: e944b8ca085327846af82249be85ada9,
    type: 3}
  m_PrefabInstance: {fileID: 6049991141006248394}
  m_PrefabAsset: {fileID: 0}
--- !u!4 &6049991141006644006 stripped
Transform:
  m_CorrespondingSourceObject: {fileID: 400108, guid: e944b8ca085327846af82249be85ada9,
    type: 3}
  m_PrefabInstance: {fileID: 6049991141006248394}
  m_PrefabAsset: {fileID: 0}
--- !u!4 &6049991141006644004 stripped
Transform:
  m_CorrespondingSourceObject: {fileID: 400110, guid: e944b8ca085327846af82249be85ada9,
    type: 3}
  m_PrefabInstance: {fileID: 6049991141006248394}
  m_PrefabAsset: {fileID: 0}
--- !u!4 &6049991141006644024 stripped
Transform:
  m_CorrespondingSourceObject: {fileID: 400114, guid: e944b8ca085327846af82249be85ada9,
    type: 3}
  m_PrefabInstance: {fileID: 6049991141006248394}
  m_PrefabAsset: {fileID: 0}
--- !u!4 &6049991141006644030 stripped
Transform:
  m_CorrespondingSourceObject: {fileID: 400116, guid: e944b8ca085327846af82249be85ada9,
    type: 3}
  m_PrefabInstance: {fileID: 6049991141006248394}
  m_PrefabAsset: {fileID: 0}
--- !u!4 &6049991141006644028 stripped
Transform:
  m_CorrespondingSourceObject: {fileID: 400118, guid: e944b8ca085327846af82249be85ada9,
    type: 3}
  m_PrefabInstance: {fileID: 6049991141006248394}
  m_PrefabAsset: {fileID: 0}
--- !u!4 &6049991141006644000 stripped
Transform:
  m_CorrespondingSourceObject: {fileID: 400106, guid: e944b8ca085327846af82249be85ada9,
    type: 3}
  m_PrefabInstance: {fileID: 6049991141006248394}
  m_PrefabAsset: {fileID: 0}
--- !u!4 &6049991141006644022 stripped
Transform:
  m_CorrespondingSourceObject: {fileID: 400124, guid: e944b8ca085327846af82249be85ada9,
    type: 3}
  m_PrefabInstance: {fileID: 6049991141006248394}
  m_PrefabAsset: {fileID: 0}
--- !u!4 &6049991141006644020 stripped
Transform:
  m_CorrespondingSourceObject: {fileID: 400126, guid: e944b8ca085327846af82249be85ada9,
    type: 3}
  m_PrefabInstance: {fileID: 6049991141006248394}
  m_PrefabAsset: {fileID: 0}
--- !u!4 &6049991141006643912 stripped
Transform:
  m_CorrespondingSourceObject: {fileID: 400130, guid: e944b8ca085327846af82249be85ada9,
    type: 3}
  m_PrefabInstance: {fileID: 6049991141006248394}
  m_PrefabAsset: {fileID: 0}
--- !u!4 &6049991141006643918 stripped
Transform:
  m_CorrespondingSourceObject: {fileID: 400132, guid: e944b8ca085327846af82249be85ada9,
    type: 3}
  m_PrefabInstance: {fileID: 6049991141006248394}
  m_PrefabAsset: {fileID: 0}
--- !u!4 &6049991141006643916 stripped
Transform:
  m_CorrespondingSourceObject: {fileID: 400134, guid: e944b8ca085327846af82249be85ada9,
    type: 3}
  m_PrefabInstance: {fileID: 6049991141006248394}
  m_PrefabAsset: {fileID: 0}
--- !u!4 &6049991141006644016 stripped
Transform:
  m_CorrespondingSourceObject: {fileID: 400122, guid: e944b8ca085327846af82249be85ada9,
    type: 3}
  m_PrefabInstance: {fileID: 6049991141006248394}
  m_PrefabAsset: {fileID: 0}
